@book{num_maschbau,
    author    = "Schäfer, Michael",
    title     = "Numerik im Maschinenbau",
    publisher = "Springer",
    address  = "Berlin",
    year      = "1999",
}

@book{num_stroemungsmech1,
    author    = "Ferziger, Joel H. and Peri\'c, Milovan",
    title     = "Numerische Strömungsmechanik",
    publisher = "Springer",
    address  = "Berlin",
    year      = "2008",
}

@book{num_grid_gen,
    author    = "Joe E. Thompson and Z.U.A. Warsi and C. Wayne Mastin",
    title     = "Numerical Grid Generation -- Foundations and Applications",
    publisher = "Elsevier Science Publishing Co., Inc.",
    year      = "1985",
}

@book{num_stroemungsmech2,
    author    = "Laurien, Eckart and Oertel, jr, Herbert",
    title     = "Numerische Strömungsmechanik",
    publisher = "Vieweg+Teubner",
    address  = "Wiesbaden",
    year      = "2009",
    note     = "3.,~vollständig überarbeitete und erweiterte Auflage",
}

@booklet{veluri,
    author   = "Veluri, Subrahmanya P.",
    title     = "Code Verification and Numerical Accuracy Assessment for Finite Volume CFD Codes",
    address  = "Blackburg, Virginia",
    year      = "2010",
    month     = "August",
}

@article{roache,
    author    = "Roache, Patrick J.",
    title     = "Code Verification by the Method of Manufactured Solutions",
    journal   = "Transactions of the ASME",
    volume   = "Vol. 124",
    year      = "2002",
    month    = "März",
}

@article{roy,
    author    = "Roy, Christopher J.",
    title     = "Review of code and solution verification procedures for computational simulation",
    journal   = "Journal of Computational Physics",
    year      = "2004",
    month    = "Dezember",
}

@booklet{grid_ortho,
    author   = "Huang, Huaxiong and Prosperetti, Andrea",
    title     = "Effect of grid orthogonality on the solution accuracy of the two-dimensional convection-diffusion equation",
    year      = "1994",
}
